@article{jha_etal_2022,
	author = {Jha, Kanchan and Saha, Sriparna and Singh, Hiteshi},
	date = {2022/05/19},
	date-added = {2025-10-01 15:45:47 -0400},
	date-modified = {2025-10-01 15:45:47 -0400},
	doi = {10.1038/s41598-022-12201-9},
	id = {Jha2022},
	isbn = {2045-2322},
	journal = {Scientific Reports},
	number = {1},
	pages = {8360},
	title = {Prediction of protein--protein interaction using graph neural networks},
	url = {https://doi.org/10.1038/s41598-022-12201-9},
	volume = {12},
	year = {2022},
	bdsk-url-1 = {https://doi.org/10.1038/s41598-022-12201-9}
}

